@misc{ caida,

   title = {{CAIDA} {Telescope} {Analysis}.},
   url = {https://www.caida.org/projects/network_telescope/},
   note = {Accessed on 08.03.2017},
 }
 
@inproceedings{allman2007brief,
  title={A brief history of scanning},
  author={Allman, Mark and Paxson, Vern and Terrell, Jeff},
  booktitle={Proceedings of the 7th ACM SIGCOMM conference on Internet measurement},
  pages={77--82},
  year={2007},
  organization={ACM}
}

@inproceedings{czyz2013understanding,
  title={Understanding IPv6 internet background radiation},
  author={Czyz, Jakub and Lady, Kyle and Miller, Sam G and Bailey, Michael and Kallitsis, Michael and Karir, Manish},
  booktitle={Proceedings of the 2013 conference on Internet measurement conference},
  pages={105--118},
  year={2013},
  organization={ACM}
}
@inproceedings{dainotti2012analysis,
  title={Analysis of a/0 stealth scan from a botnet},
  author={Dainotti, Alberto and King, Alistair and Papale, Ferdinando and Pescape, Antonio and others},
  booktitle={Proceedings of the 2012 ACM conference on Internet measurement conference},
  pages={1--14},
  year={2012},
  organization={ACM}
}
@inproceedings{pang2004characteristics,
  title={Characteristics of internet background radiation},
  author={Pang, Ruoming and Yegneswaran, Vinod and Barford, Paul and Paxson, Vern and Peterson, Larry},
  booktitle={Proceedings of the 4th ACM SIGCOMM conference on Internet measurement},
  pages={27--40},
  year={2004},
  organization={ACM}
}
@book{lyon2009nmap,
  title={Nmap network scanning: The official Nmap project guide to network discovery and security scanning},
  author={Lyon, Gordon Fyodor},
  year={2009},
  publisher={Insecure}
}
@inproceedings{durumeric2013zmap,
  title={ZMap: Fast Internet-wide scanning and its security applications},
  author={Durumeric, Zakir and Wustrow, Eric and Halderman, J Alex},
  booktitle={Presented as part of the 22nd USENIX Security Symposium (USENIX Security 13)},
  pages={605--620},
  year={2013}
}
@article{graham2014masscan,
  title={MASSCAN: Mass IP port scanner},
  author={Graham, Robert David},
  journal={URL: https://github. com/robertdavidgraham/masscan},
  year={2014}
}

@techreport{cooke2004internet,
  title={The Internet motion sensor: A distributed global scoped Internet threat monitoring system},
  author={Cooke, Evan and Bailey, Michael and Watson, David and Jahanian, Farnam and Nazario, Jose},
  year={2004},
  institution={Technical Report CSE-TR-491-04, University of Michigan, Electrical Engineering and Computer Science}
}

 @inproceedings{irwin2012network,
  title={A network telescope perspective of the Conficker outbreak},
  author={Irwin, Barry},
  booktitle={2012 Information Security for South Africa},
  pages={1--8},
  year={2012},
  organization={IEEE}
}
@article{porras2009conficker,
  title={Conficker C analysis},
  author={Porras, Phillip and Saidi, Hassen and Yegneswaran, Vinod},
  journal={SRI International},
  year={2009}
}
@article{shannon2004spread,
  title={The spread of the witty worm},
  author={Shannon, Colleen and Moore, David},
  journal={IEEE Security \& Privacy},
  volume={2},
  number={4},
  pages={46--50},
  year={2004},
  publisher={IEEE}
}
@article{moore2006inferring,
  title={Inferring internet denial-of-service activity},
  author={Moore, David and Shannon, Colleen and Brown, Douglas J and Voelker, Geoffrey M and Savage, Stefan},
  journal={ACM Transactions on Computer Systems (TOCS)},
  volume={24},
  number={2},
  pages={115--139},
  year={2006},
  publisher={ACM}
}
@article{stavrou2005websos,
  title={WebSOS: an overlay-based system for protecting web servers from denial of service attacks},
  author={Stavrou, Angelos and Cook, Debra L and Morein, William G and Keromytis, Angelos D and Misra, Vishal and Rubenstein, Dan},
  journal={Computer Networks},
  volume={48},
  number={5},
  pages={781--807},
  year={2005},
  publisher={Elsevier}
}
@inproceedings{kompella2004scalable,
  title={On scalable attack detection in the network},
  author={Kompella, Ramana Rao and Singh, Sumeet and Varghese, George},
  booktitle={Proceedings of the 4th ACM SIGCOMM conference on Internet measurement},
  pages={187--200},
  year={2004},
  organization={ACM}
}

@article{pouget2008understanding,
  title={Understanding threats: a prerequisite to enhance survivability of computing systems},
  author={Pouget, Fabien and Dacier, Marc and Pham, Van-Hau},
  journal={International Journal of Critical Infrastructures},
  volume={4},
  number={1-2},
  pages={153--171},
  year={2008},
  publisher={Inderscience Publishers}
}

@inproceedings{wustrow2010internet,
  title={Internet background radiation revisited},
  author={Wustrow, Eric and Karir, Manish and Bailey, Michael and Jahanian, Farnam and Huston, Geoff},
  booktitle={Proceedings of the 10th ACM SIGCOMM conference on Internet measurement},
  pages={62--74},
  year={2010},
  organization={ACM}
}
@inproceedings{leckie2002probabilistic,
  title={A probabilistic approach to detecting network scans},
  author={Leckie, Christopher and Kotagiri, R},
  booktitle={Network Operations and Management Symposium, 2002. NOMS 2002. 2002 IEEE/IFIP},
  pages={359--372},
  year={2002},
  organization={IEEE}
}
@inproceedings{schechter2004fast,
  title={Fast detection of scanning worm infections},
  author={Schechter, Stuart E and Jung, Jaeyeon and Berger, Arthur W},
  booktitle={International Workshop on Recent Advances in Intrusion Detection},
  pages={59--81},
  year={2004},
  organization={Springer}
}
@inproceedings{jung2004fast,
  title={Fast portscan detection using sequential hypothesis testing},
  author={Jung, Jaeyeon and Paxson, Vern and Berger, Arthur W and Balakrishnan, Hari},
  booktitle={Security and Privacy, 2004. Proceedings. 2004 IEEE Symposium on},
  pages={211--225},
  year={2004},
  organization={IEEE}
}
@inproceedings{durumeric2014internet,
  title={An internet-wide view of internet-wide scanning},
  author={Durumeric, Zakir and Bailey, Michael and Halderman, J Alex},
  booktitle={23rd USENIX Security Symposium (USENIX Security 14)},
  pages={65--78},
  year={2014}
}
@misc{ irvin,  
   author={Irwin, B},
   title = { A framework for the application of network telescope sensors in a global IP network.},
   month={January},
   year={2011},
    note = {Accessed on 09.02.2017},
  
 }
 
 @inproceedings{shinoda2005vulnerabilities,
  title={Vulnerabilities of Passive Internet Threat Monitors.},
  author={Shinoda, Yoichi and Ikai, Ko and Itoh, Motomu},
  booktitle={USENIX Security},
  year={2005}
}

@misc{ cisco,

   title = {{Zettabyte Era} {Trends and Analysis} {Cisco}.},
   url = {http://www.cisco.com/c/en/us/solutions/collateral/service-provider/visual-networking-index-vni/vni-hyperconnectivity-wp.html},
    note = {Accessed on 7.04.2017},
  
 }
 
 @misc{ dshield,

   title = {{dshield} {sans} {Internet storm center}.},
   url = {https://www.dshield.org},
    note = {Accessed on 30.04.2017},
 }
 @inproceedings{palmer2001road,
  title={A road map for digital forensic research},
  author={Palmer, Gary and others},
  booktitle={First Digital Forensic Research Workshop, Utica, New York},
  pages={27--30},
  year={2001}
}
@inproceedings{bailey2006practical,
  title={Practical darknet measurement},
  author={Bailey, Michael and Cooke, Evan and Jahanian, Farnam and Myrick, Andrew and Sinha, Sushant},
  booktitle={Information Sciences and Systems, 2006 40th Annual Conference on},
  pages={1496--1501},
  year={2006},
  organization={IEEE}
}
@inproceedings{bailey2005data,
  title={Data reduction for the scalable automated analysis of distributed darknet traffic},
  author={Bailey, Michael and Cooke, Evan and Jahanian, Farnam and Provos, Niels and Rosaen, Karl and Watson, David},
  booktitle={Proceedings of the 5th ACM SIGCOMM conference on Internet Measurement},
  pages={21--21},
  year={2005},
  organization={USENIX Association}
}
@misc{ port_techniques,
   title = {{port} {scan} {technique}.},
   url = {https://nmap.org/book/man-port-scanning-techniques.html},
   note = {Accessed on 15.06.2017},
 }
 @article{lee2003detection,
  title={Detection and characterization of port scan attacks},
  author={Lee, Cynthia Bailey and Roedel, Chris and Silenok, Elena},
  journal={Univeristy of California, Department of Computer Science and Engineering},
  year={2003}
}

@misc{ tpot,

   title = {{tpot} {honeypot} {system}.},
   url = {http://dtag-dev-sec.github.io/mediator/feature/2015/03/17/concept.html},
   note = {Accessed on 05.05.2017},
 }
 
 @misc{ nmap1,

   title = {{nmap} {bypass} {mechanism}.},
   url = {https://nmap.org/book/man-bypass-firewalls-ids.html},
   note = {Accessed on 20.06.2017},
 }
 @misc{ tcp_handshake,

   title = {{TCP} {3way} {handshake}.},
   url = {http://www.tcpipguide.com/free/t_TCPConnectionEstablishmentProcessTheThreeWayHandsh.htm},
   note = {Accessed on 15.06.2017},
 }
 @misc{ wireshark,

   title = {{wireshark} {packet} {analyser}.},
   url = {https://www.wireshark.org/},
   note = {Accessed on 02.04.2017},
 }
 @article{hallman2017ioddos,
  title={IoDDoSâ€”The Internet of Distributed Denial of Sevice Attacks},
  author={Hallman, Roger and Bryan, Josiah and Palavicini, Geancarlo and Divita, Joseph and Romero-Mariona, Jose},
  year={2017}
}
 @misc{ tshark,

   title = {{tshark} {packet} {analyser}.},
   url = {https://www.wireshark.org/docs/man-pages/tshark.html},
   note = {Accessed on 25.07.2017},
 }
  @techreport{rfc761,
   AUTHOR = " Information Sciences Institute University of Southern California",
   TITLE = "{Transmission Control Protocol}",
   HOWPUBLISHED = {Internet Requests for Comments},
   TYPE="{RFC}",
   PAGES = {1-85},
   YEAR = {1981},
   MONTH = {September},
   ISSN = {2070-1721},
   PUBLISHER = "{RFC Editor}",
   INSTITUTION = "{RFC Editor}",
   URL={https://www.ietf.org/rfc/rfc793.txt}
   }
 @article{jaquith2007security,
  title={Security Metrics Replacing Fear, Uncertainty, and Doubt Addison-Wesley Professional},
  author={Jaquith, A},
  journal={ISBN},
  volume={321349989},
  pages={2007},
  year={2007}
}
@article{hunter2010network,
  title={A network telescope information visualisation framework},
  author={Hunter, Samuel Oswald},
  journal={Master's thesis, Rhodes University},
  year={2010}
}
@article{de1999review,
  title={A review of port scanning techniques},
  author={De Vivo, Marco and Carrasco, Eddy and Isern, Germinal and de Vivo, Gabriela O},
  journal={ACM SIGCOMM Computer Communication Review},
  volume={29},
  number={2},
  pages={41--48},
  year={1999},
  publisher={ACM}
}
@inproceedings{provos2004virtual,
  title={A Virtual Honeypot Framework.},
  author={Provos, Niels and others},
  booktitle={USENIX Security Symposium},
  volume={173},
  pages={1--14},
  year={2004}
}